<?xml version="1.0" encoding="UTF-8"?><collection xmlns="http://www.loc.gov/MARC21/slim"><record><leader>00467nam--2200169-i-4500</leader><controlfield tag="001">000043429</controlfield><controlfield tag="002">20161230</controlfield><controlfield tag="005">20161230201044</controlfield><controlfield tag="008">060222s1000------------r-----000-0-eng-d</controlfield><datafield ind1=" " ind2=" " tag="040"><subfield code="a">IFIN-HH</subfield></datafield><datafield ind1=" " ind2=" " tag="080"><subfield code="a">530.145.6</subfield></datafield><datafield ind1="1" ind2=" " tag="100"><subfield code="a">Szebehely,Victor</subfield></datafield><datafield ind1="1" ind2="0" tag="245"><subfield code="a">Theory of orbits</subfield><subfield code="b">The restricted problem of three bodies</subfield><subfield code="c">Victor szebehely</subfield></datafield><datafield ind1=" " ind2=" " tag="260"><subfield code="a">New York</subfield><subfield code="b">Academic Press</subfield><subfield code="c">1965</subfield></datafield><datafield ind1=" " ind2=" " tag="300"><subfield code="a">XVI + 668 P</subfield></datafield><datafield ind1=" " ind2=" " tag="852"><subfield code="a">27885</subfield><subfield code="c">539.141</subfield></datafield><datafield ind1=" " ind2=" " tag="CAT"><subfield code="a">Sys</subfield><subfield code="c">20120417</subfield><subfield code="h">170622</subfield></datafield></record></collection>